@article{acmtp,
	title        = {Pricing the Term Structure with Linear Regressions},
	author       = {Adrian, Tobias and Crump, Richard and Moench, Emanuel},
	volume       = 110,
	number       = 1,
	pages        = {110--138},
	doi          = {10.1016/j.jfineco.2013.04.009},
	date         = 2013,
	journaltitle = {Journal of Financial Economics},
	date-modified = {2023-01-29 21:58:30 -0500}
}
@article{adrian_vuln_growth,
	title        = {Vulnerable Growth},
	author       = {Adrian, Tobias and Boyarchenko, Nina and Giannone, Domenico},
	volume       = 109,
	number       = 4,
	pages        = {1263--89},
	doi          = {10.1257/aer.20161923},
	date         = {2019-04},
	journaltitle = {American Economic Review},
	date-modified = {2023-01-29 21:58:36 -0500}
}
@article{adrian2022term,
	title        = {The Term Structure of Growth-at-Risk},
	author       = {Adrian, Tobias and Grinberg, Federico and Liang, Nellie and Malik, Sheheryar and Yu, Jie},
	volume       = 14,
	number       = 3,
	pages        = {283--323},
	doi          = {10.1257/mac.20180428},
	date         = 2022,
	journaltitle = {American Economic Journal: Macroeconomics}
}
@article{ait2000nonparametric,
	title        = {Nonparametric Risk Management and Implied Risk Aversion},
	author       = {Aıt-Sahalia, Yacine and Lo, Andrew},
	volume       = 94,
	number       = {1-2},
	pages        = {9--51},
	doi          = {10.1016/S0304-4076(99)00016-0},
	date         = 2000,
	journaltitle = {Journal of Econometrics}
}
@article{anderson2008equilibrium,
	title        = {Equilibrium in Continuous-Time Financial Markets: {{Endogenously}} Dynamically Complete Markets},
	author       = {Anderson, Robert and Raimondo, Roberto},
	volume       = 76,
	number       = 4,
	pages        = {841--907},
	doi          = {10.1111/j.1468-0262.2008.00861.x},
	date         = 2008,
	journaltitle = {Econometrica : journal of the Econometric Society},
	shortjournal = {Econometrica}
}
@article{balint2022making,
	title        = {Making No-Arbitrage Discounting-Invariant: A New {{FTAP}} Version beyond {{NFLVR}} and {{NUPBR}}},
	author       = {Bálint, Dániel Ágoston and Schweizer, Martin},
	publisher    = {{American Institute of Mathematical Sciences}},
	doi          = {10.3934/fmf.2021010},
	date         = 2022,
	journaltitle = {Frontiers of Mathematical Finance}
}
@article{bansal2004risks,
	title        = {Risks for the Long Run: {{A}} Potential Resolution of Asset Pricing Puzzles},
	author       = {Bansal, Ravi and Yaron, Amir},
	volume       = 59,
	number       = 4,
	pages        = {1481--1509},
	doi          = {10.1111/j.1540-6261.2004.00670.x},
	date         = 2004,
	journaltitle = {Journal of Finance}
}
@article{Bansal2005,
	title        = {Interpretable Asset Markets?},
	author       = {Bansal, Ravi and Khatchatrian, Varoujan and Yaron, Amir},
	volume       = 49,
	number       = 3,
	pages        = {531--560},
	doi          = {10.1016/j.euroecorev.2004.09.002},
	date         = 2005,
	journaltitle = {European Economic Review}
}
@article{barro2006rare,
	title        = {Rare Disasters and Asset Markets in the Twentieth Century},
	author       = {Barro, Robert},
	volume       = 121,
	number       = 3,
	pages        = {823--866},
	doi          = {10.1162/qjec.121.3.823},
	date         = 2006,
	journaltitle = {Quarterly Journal of Economics}
}
@article{BaumeisterHamilton2015,
	title        = {Sign Restrictions, Structural Vector Autoregressions, and Useful Prior Information},
	author       = {Baumeister, Christiane and Hamilton, James D},
	publisher    = {{Wiley Online Library}},
	volume       = 83,
	number       = 5,
	pages        = {1963--1999},
	doi          = {10.3982/ECTA12356},
	date         = 2015,
	journaltitle = {Econometrica : journal of the Econometric Society},
	shortjournal = {Econometrica}
}
@article{BaumeisterHamilton2019,
	title        = {Structural Interpretation of Vector Autoregressions with Incomplete Identification: {{Revisiting}} the Role of Oil Supply and Demand Shocks},
	author       = {Baumeister, Christiane and Hamilton, James D.},
	volume       = 109,
	number       = 5,
	pages        = {1873--1910},
	doi          = {10.1257/aer.20151569},
	url          = {https://www.aeaweb.org/articles?id=10.1257/aer.20151569},
	date         = {2019-05},
	journaltitle = {American Economic Review},
	bdsk-url-2   = {https://doi.org/10.1257/aer.20151569}
}
@article{bernanke1996financial,
	title        = {The Financial Accelerator and the Flight to Quality},
	author       = {Bernanke, Ben and Gertler, Mark and Gilchrist, Simon},
	volume       = 78,
	number       = 1,
	pages        = {1--15},
	doi          = {10.2307/2109844},
	date         = 1996,
	journaltitle = {Review of Economics and Statistics}
}
@article{bianchi2022monetary,
	title        = {Monetary Policy and Asset Valuation},
	author       = {Bianchi, Francesco and Lettau, Martin and Ludvigson, Sydney},
	volume       = 77,
	number       = 2,
	pages        = {967--1017},
	doi          = {10.1111/jofi.13107},
	date         = 2022,
	journaltitle = {Journal of Finance}
}
@article{bidder2018doubts,
	title        = {Doubts and Variability: {{A}} Robust Perspective on Exotic Consumption Series},
	author       = {Bidder, Rhys and Smith, Matthew},
	volume       = 175,
	pages        = {689--712},
	doi          = {10.1016/j.jet.2018.02.007},
	date         = 2018,
	journaltitle = {Journal of Economic Theory}
}
@article{BinsbergenKoijen2022,
	title        = {Predictive Regressions: {{A}} Present-Value Approach},
	author       = {family=Binsbergen, given=Jules, prefix=van, useprefix=true and Koijen, Ralph},
	volume       = 65,
	number       = 4,
	pages        = {1439--1471},
	doi          = {10.1111/j.1540-6261.2010.01575.x},
	issn         = {00221082, 15406261},
	date         = 2010,
	journaltitle = {Journal of Finance}
}
@incollection{Blanchet-Scalliet2020,
	title        = {Enlargement of Filtration in Discrete Time},
	author       = {Blanchet-Scalliet, Christophette and Jeanblanc, Monique},
	booktitle    = {From Probability to Finance: {{Lecture}} Notes of {{BICMR}} Summer School on Financial Mathematics},
	publisher    = {{Springer Singapore}},
	series       = {Mathematical Lectures from Peking University},
	pages        = {71--144},
	editor       = {Jiao, Ying},
	date         = 2020
}
@article{bollerslev1986generalized,
	title        = {Generalized Autoregressive Conditional Heteroskedasticity},
	author       = {Bollerslev, Tim},
	volume       = 31,
	number       = 3,
	pages        = {307--327},
	doi          = {10.1016/0304-4076(86)90063-1},
	date         = 1986,
	journaltitle = {Journal of Econometrics}
}
@article{bollerslev1988capital,
	title        = {A Capital Asset Pricing Model with Time-Varying Covariances},
	author       = {Bollerslev, Tim and Engle, Robert and Wooldridge, Jeffrey},
	volume       = 96,
	number       = 1,
	pages        = {116--131},
	doi          = {10.1086/261527},
	date         = 1988,
	journaltitle = {Journal of Political Economy}
}
@article{Bollerslev2015,
	title        = {Stock Return and Cash Flow Predictability: {{The}} Role of Volatility Risk},
	author       = {Bollerslev, Tim and Xu, Lai and Zhou, Hao},
	volume       = 187,
	number       = 2,
	pages        = {458--471},
	doi          = {10.1016/j.jeconom.2015.02.031},
	date         = 2015,
	journaltitle = {Journal of Econometrics}
}
@article{bpss,
	title        = {Feedbacks: {{Financial}} Markets and Economic Activity},
	author       = {Brunnermeier, Markus and Palia, Darius and Sastry, Karthik and Sims, Christopher},
	volume       = 111,
	number       = 6,
	pages        = {1845--79},
	doi          = {10.1257/aer.20180733},
	date         = {2021-06},
	journaltitle = {American Economic Review},
	date-modified = {2023-01-28 17:27:34 -0500}
}
@article{BraveButters2011,
	title        = {Monitoring Financial Stability: {{A}} Financial Conditions Index Approach},
	author       = {Brave, Scott and Butters, Andrew},
	volume       = 35,
	number       = 1,
	pages        = 22,
	url          = {https://www.chicagofed.org/publications/economic-perspectives/2011/1q-brave-butters},
	date         = 2011,
	journaltitle = {Economic Perspectives}
}
@article{breeden1979,
	title        = {An Intertemporal Asset Pricing Model with Stochastic Consumption and Investment Opportunities},
	author       = {Breeden, Douglas},
	volume       = 7,
	number       = 3,
	pages        = {265--296},
	doi          = {10.1016/0304-405X(79)90016-3},
	date         = 1979,
	journaltitle = {Journal of Financial Economics}
}
@article{breeden1989empirical,
	title        = {Empirical Tests of the Consumption-Oriented {{CAPM}}},
	author       = {Breeden, Douglas and Gibbons, Michael and Litzenberger, Robert},
	volume       = 44,
	number       = 2,
	pages        = {231--262},
	doi          = {http://dx.doi.org/10.1111/j.1540-6261.1989.tb05056.x},
	date         = 1989,
	journaltitle = {Journal of Finance}
}
@article{BreedenLitzenbergerJia2015,
	title        = {Consumption"=Based Asset Pricing, Part 1: {{Classic}} Theory and Tests, Measurement Issues, and Limited Participation},
	author       = {Breeden, Douglas and Litzenberger, Robert and Jia, Tingyan},
	volume       = 7,
	number       = 1,
	pages        = {35--83},
	doi          = {10.1146/annurev-financial-111914-041800},
	date         = 2015,
	journaltitle = {Annual Review of Financial Economics}
}
@article{brunnermeier2014macroeconomic,
	title        = {A Macroeconomic Model with a Financial Sector},
	author       = {Brunnermeier, Markus and Sannikov, Yuliy},
	volume       = 104,
	number       = 2,
	pages        = {379--421},
	doi          = {10.1257/aer.104.2.379},
	date         = 2014,
	journaltitle = {American Economic Review}
}
@report{brunnermeiersafe,
	title        = {Safe Assets: {{A}} Dynamic Retrading Perspective},
	author       = {Brunnermeier, Markus K and Merkel, Sebastian and Sannikov, Yuliy},
	date         = 2022,
	institution  = {{Princeton University work in progress}}
}
@article{caballero2020risk,
	title        = {A Risk-Centric Model of Demand Recessions and Speculation},
	author       = {Caballero, Ricardo and Simsek, Alp},
	volume       = 135,
	number       = 3,
	pages        = {1493--1566},
	doi          = {10.1093/qje/qjaa008},
	date         = 2020,
	journaltitle = {Quarterly Journal of Economics}
}
@misc{caballero2022monetary,
	title        = {A Monetary Policy Asset Pricing Model},
	author       = {Caballero, Ricardo and Simsek, Alp},
	doi          = {http://dx.doi.org/10.2139/ssrn.4113332},
	url          = {https://ssrn.com/abstract=4113332},
	date         = 2022
}
@article{caldara2019monetary,
	title        = {Monetary Policy, Real Activity, and Credit Spreads: {{Evidence}} from Bayesian Proxy {{SVARs}}},
	author       = {Caldara, Dario and Herbst, Edward},
	volume       = 11,
	number       = 1,
	pages        = {157--92},
	doi          = {10.1257/mac.20170294},
	date         = 2019,
	journaltitle = {American Economic Journal: Macroeconomics}
}
@article{campbell1999force,
	title        = {By Force of Habit: {{A}} Consumption"=Based Explanation of Aggregate Stock Market Behavior},
	author       = {Campbell, John and Cochrane, John},
	volume       = 107,
	number       = 2,
	pages        = {205--251},
	doi          = {10.1086/250059},
	date         = 1999,
	journaltitle = {Journal of Political Economy}
}
@article{campbell2000explaining,
	title        = {Explaining the Poor Performance of Consumption-Based Asset Pricing Models},
	author       = {Campbell, John and Cochrane, John},
	volume       = 55,
	number       = 6,
	pages        = {2863--2878},
	doi          = {10.1111/0022-1082.00310},
	date         = 2000,
	journaltitle = {Journal of Finance}
}
@article{campbell2018intertemporal,
	title        = {An Intertemporal {{CAPM}} with Stochastic Volatility},
	author       = {Campbell, John and Giglio, Stefano and Polk, Christopher and Turley, Robert},
	volume       = 128,
	number       = 2,
	pages        = {207--233},
	doi          = {10.1016/j.jfineco.2018.02.011},
	date         = 2018,
	journaltitle = {Journal of Financial Economics}
}
@article{chen1986economic,
	title        = {Economic Forces and the Stock Market},
	author       = {Chen, Nai-Fu and Roll, Richard and Ross, Stephen},
	pages        = {383--403},
	doi          = {10.1086/296344},
	date         = 1986,
	journaltitle = {Journal of Business}
}
@article{cieslak2019,
	title        = {Stock Returns over the {{FOMC}} Cycle},
	author       = {Cieslak, Anna and Morse, Adair and Vissing-Jorgensen, Annette},
	volume       = 74,
	number       = 5,
	pages        = {2201--2248},
	doi          = {10.1111/jofi.12818},
	date         = 2019,
	journaltitle = {Journal of Finance},
	date-modified = {2023-01-29 21:23:25 -0500}
}
@article{cieslak2020,
	title        = {The Economics of the Fed Put},
	author       = {Cieslak, Anna and Vissing-Jorgensen, Annette},
	volume       = 34,
	number       = 9,
	pages        = {4045--4089},
	doi          = {10.1093/rfs/hhaa116},
	date         = {2020-10},
	journaltitle = {Review of Financial Studies},
	date-modified = {2023-01-29 21:23:54 -0500}
}
@article{CoxIngersollRoss1985,
	title        = {An Intertemporal General Equilibrium Model of Asset Prices},
	author       = {Cox, John and Ingersoll Jr, Jonathan and Ross, Stephen},
	pages        = {363--384},
	doi          = {10.2307/1911241},
	date         = 1985,
	journaltitle = {Econometrica : journal of the Econometric Society},
	shortjournal = {Econometrica}
}
@article{cp_shock,
	title        = {Common Shocks in Stocks and Bonds},
	author       = {Cieslak, Anna and Pang, Hao},
	volume       = 142,
	number       = 2,
	pages        = {880--904},
	doi          = {10.1016/j.jfineco.2021.06.008},
	issn         = {0304-405X},
	date         = 2021,
	journaltitle = {Journal of Financial Economics},
	date-modified = {2023-01-29 21:57:32 -0500}
}
@book{delbaen2006mathematics,
	title        = {The Mathematics of Arbitrage},
	author       = {Delbaen, Freddy and Schachermayer, Walter},
	publisher    = {{Springer Science \& Business Media}},
	date         = 2006
}
@article{doz2012quasi,
	title        = {A {{Quasi}}–Maximum Likelihood Approach for Large, Approximate Dynamic Factor Models},
	author       = {Doz, Catherine and Giannone, Domenico and Reichlin, Lucrezia},
	publisher    = {{The MIT Press}},
	volume       = 94,
	number       = 4,
	pages        = {1014--1024},
	doi          = {10.1162/REST_a_00225},
	date         = 2012,
	journaltitle = {Review of Economics and Statistics}
}
@article{drehmann2014evaluating,
	title        = {Evaluating Early Warning Indicators of Banking Crises: {{Satisfying}} Policy Requirements},
	author       = {Drehmann, Mathias and Juselius, Mikael},
	volume       = 30,
	number       = 3,
	pages        = {759--780},
	doi          = {10.1016/j.ijforecast.2013.10.002},
	date         = 2014,
	journaltitle = {International Journal of Forecasting}
}
@report{DudleyHatzius2000,
	title        = {The Goldman Sachs Financial Conditions Index: The Right Tool for a New Monetary Policy Regime},
	author       = {Dudley, William and Hatzius, Jan},
	volume       = {Volume 44},
	date         = 2000,
	institution  = {{Goldman Sachs}},
	date-modified = {2023-01-29 17:20:39 -0500}
}
@incollection{Duffie1991,
	title        = {The Theory of Value in Security Markets},
	author       = {Duffie, Darrell},
	series       = {Handbook of Mathematical Economics},
	volume       = 4,
	pages        = {1615--1682},
	date         = 1991,
	chpter       = 31
}
@incollection{duffie2003,
	title        = {Intertemporal Asset Pricing Theory},
	author       = {Duffie, Darrell},
	booktitle    = {Financial Markets and Asset Pricing},
	series       = {Handbook of the Economics of Finance},
	volume       = 1,
	pages        = {639--742},
	date         = 2003
}
@book{duffie2010dynamic,
	title        = {Dynamic Asset Pricing Theory},
	author       = {Duffie, Darrell},
	publisher    = {{Princeton University Press}},
	date         = 2010
}
@article{DuffieZame89,
	title        = {The Consumption-Based Capital Asset Pricing Model},
	author       = {Duffie, Darrell and Zame, William},
	volume       = 57,
	number       = 6,
	pages        = {1279--1297},
	doi          = {10.2307/1913708},
	date         = 1989,
	journaltitle = {Econometrica : journal of the Econometric Society},
	shortjournal = {Econometrica}
}
@article{engle1982autoregressive,
	title        = {Autoregressive Conditional Heteroscedasticity with Estimates of the Variance of United Kingdom Inflation},
	author       = {Engle, Robert},
	pages        = {987--1007},
	doi          = {10.2307/1912773},
	date         = 1982,
	journaltitle = {Econometrica : journal of the Econometric Society},
	shortjournal = {Econometrica}
}
@article{escauriaza2022radner,
	title        = {Radner Equilibrium and Systems of Quadratic {{BSDEs}} with Discontinuous Generators},
	author       = {Escauriaza, Luis and Schwarz, Daniel and Xing, Hao},
	volume       = 32,
	number       = 5,
	pages        = {3492--3536},
	doi          = {10.1214/21-AAP1765},
	date         = 2022,
	journaltitle = {Annals of Applied Probability}
}
@article{fornari2013financial,
	title        = {Financial Volatility and Economic Activity},
	author       = {Fornari, Fabio and Mele, Antonio},
	publisher    = {{Società editrice il Mulino}},
	volume       = 1,
	number       = 2,
	pages        = {155--198},
	doi          = {10.12831/75569},
	issn         = {2282-717X},
	url          = {https://www.rivisteweb.it/doi/10.12831/75569},
	date         = 2013,
	journaltitle = {Journal of Financial Management, Markets and Institutions}
}
@misc{forni2021macroeconomic,
	title        = {Macroeconomic {{Uncertainty}} and {{Vector Autoregressions}}},
	author       = {Forni, Mario and Gambetti, Luca and Sala, Luca},
	location     = {{Rochester, NY}},
	number       = 3783907,
	url          = {https://papers.ssrn.com/abstract=3783907},
	urldate      = {2023-01-31},
	type         = {SSRN Scholarly Paper},
	date         = {2021-01-01},
	langid       = {english}
}
@article{gabaix2012variable,
	title        = {Variable Rare Disasters: {{An}} Exactly Solved Framework for Ten Puzzles in Macro-Finance},
	author       = {Gabaix, Xavier},
	publisher    = {{MIT Press}},
	volume       = 127,
	number       = 2,
	pages        = {645--700},
	doi          = {10.1093/qje/qjs001},
	date         = 2012,
	journaltitle = {The Quarterly journal of economics},
	date-added   = {2023-01-30 08:23:14 -0500},
	date-modified = {2023-01-30 08:23:14 -0500}
}
@article{gertler2015monetary,
	title        = {Monetary Policy Surprises, Credit Costs, and Economic Activity},
	author       = {Gertler, Mark and Karadi, Peter},
	volume       = 7,
	number       = 1,
	pages        = {44--76},
	doi          = {10.1257/mac.20130329},
	date         = 2015,
	journaltitle = {American Economic Journal: Macroeconomics}
}
@article{gilchrist2009credit,
	title        = {Credit Market Shocks and Economic Fluctuations: {{Evidence}} from Corporate Bond and Stock Markets},
	author       = {Gilchrist, Simon and Yankov, Vladimir and Zakrajšek, Egon},
	volume       = 56,
	number       = 4,
	pages        = {471--493},
	doi          = {10.1016/j.jmoneco.2009.03.017},
	date         = 2009,
	journaltitle = {Journal of Monetary Economics}
}
@article{GilchristZakrajsek2012,
	title        = {Credit Spreads and Business Cycle Fluctuations},
	author       = {Gilchrist, Simon and Zakrajšek, Egon},
	volume       = 102,
	number       = 4,
	pages        = {1692--1720},
	doi          = {10.1257/aer.102.4.1692},
	date         = 2012,
	journaltitle = {American Economic Review}
}
@article{hansen1982generalized,
	title        = {Generalized Instrumental Variables Estimation of Nonlinear Rational Expectations Models},
	author       = {Hansen, Lars Peter and Singleton, Kenneth},
	pages        = {1269--1286},
	doi          = {10.2307/1911873},
	date         = 1982,
	journaltitle = {Econometrica : journal of the Econometric Society},
	shortjournal = {Econometrica}
}
@article{hansen1983stochastic,
	title        = {Stochastic Consumption, Risk Aversion, and the Temporal Behavior of Asset Returns},
	author       = {Hansen, Lars Peter and Singleton, Kenneth},
	volume       = 91,
	number       = 2,
	pages        = {249--265},
	doi          = {10.1086/261141},
	date         = 1983,
	journaltitle = {Journal of Political Economy}
}
@incollection{hansen2010wanting,
	title        = {Wanting Robustness in Macroeconomics},
	author       = {Hansen, Lars Peter and Sargent, Thomas J},
	booktitle    = {Handbook of Monetary Economics},
	publisher    = {{Elsevier}},
	volume       = 3,
	pages        = {1097--1157},
	date         = 2010,
	date-added   = {2023-01-30 08:26:04 -0500},
	date-modified = {2023-01-30 08:26:04 -0500}
}
@article{HatziusStehn2018,
	title        = {The Case for a Financial Conditions Index},
	author       = {Hatzius, Jan and Stehn, Sven Jari},
	publisher    = {{Goldman Sachs}},
	url          = {https://www.goldmansachs.com/insights/pages/case-for-financial-conditions/report-the-case-for-financial-conditions-index.pdf},
	date         = {2018-07},
	journaltitle = {Economic Research, Global Economics Paper},
	date-modified = {2023-01-28 17:27:21 -0500}
}
@article{HeKrishnamurthy2013,
	title        = {Intermediary Asset Pricing},
	author       = {He, Zhiguo and Krishnamurthy, Arvind},
	volume       = 103,
	number       = 2,
	pages        = {732--70},
	doi          = {10.1257/aer.103.2.732},
	date         = {2013-04},
	journaltitle = {American Economic Review},
	date-modified = {2023-01-29 22:11:05 -0500}
}
@article{holmstrom1998private,
	title        = {Private and Public Supply of Liquidity},
	author       = {Holmström, Bengt and Tirole, Jean},
	volume       = 106,
	number       = 1,
	pages        = {1--40},
	doi          = {10.1086/250001},
	date         = 1998,
	journaltitle = {Journal of political Economy}
}
@article{jackwerth2000recovering,
	title        = {Recovering Risk Aversion from Option Prices and Realized Returns},
	author       = {Jackwerth, Jens Carsten},
	volume       = 13,
	number       = 2,
	pages        = {433--451},
	doi          = {10.1093/rfs/13.2.433},
	date         = 2000,
	journaltitle = {Review of Financial Studies}
}
@article{jagannathan2007lazy,
	title        = {Lazy Investors, Discretionary Consumption, and the Cross-Section of Stock Returns},
	author       = {Jagannathan, Ravi and Wang, Yong},
	volume       = 62,
	number       = 4,
	pages        = {1623--1661},
	doi          = {10.1111/j.1540-6261.2007.01253.x},
	date         = 2007,
	journaltitle = {Journal of Finance}
}
@article{jorda_lp,
	title        = {Estimation and Inference of Impulse Responses by Local Projections},
	author       = {Jordà, Oscar},
	volume       = 95,
	number       = 1,
	pages        = {161--182},
	doi          = {10.1257/0002828053828518},
	date         = {2005-03},
	journaltitle = {American Economic Review},
	date-modified = {2023-01-29 22:00:36 -0500}
}
@article{jorda2015betting,
	title        = {Betting the House},
	author       = {Jordà, Oscar and Schularick, Moritz and Taylor, Alan},
	volume       = 96,
	pages        = {2--18},
	doi          = {10.1016/j.jinteco.2014.12.011},
	date         = 2015,
	journaltitle = {Journal of International Economics},
	date-modified = {2023-01-29 21:57:11 -0500}
}
@article{jorda2016great,
	title        = {The Great Mortgaging: {{Housing}} Finance, Crises and Business Cycles},
	author       = {Jordà, Òscar and Schularick, Moritz and Taylor, Alan},
	volume       = 31,
	number       = 85,
	pages        = {107--152},
	doi          = {10.1093/epolic/eiv017},
	date         = 2016,
	journaltitle = {Economic policy}
}
@article{jurado2015measuring,
	title        = {Measuring Uncertainty},
	author       = {Jurado, Kyle and Ludvigson, Sydney and Ng, Serena},
	volume       = 105,
	number       = 3,
	pages        = {1177--1216},
	doi          = {10.1257/aer.20131193},
	date         = 2015,
	journaltitle = {American Economic Review}
}
@book{kabanov2009markets,
	title        = {Markets with Transaction Costs: {{Mathematical}} Theory},
	author       = {Kabanov, Yuri and Safarian, Mher},
	publisher    = {{Springer Science \& Business Media}},
	date         = 2009
}
@article{karatzas1990existence,
	title        = {Existence and Uniqueness of Multi-Agent Equilibrium in a Stochastic, Dynamic {{Consumption}}/{{Investment}} Model},
	author       = {Karatzas, Ioannis and Lehoczky, John and Shreve, Steven},
	volume       = 15,
	number       = 1,
	pages        = {80--128},
	doi          = {10.1287/moor.15.1.80},
	date         = 1990,
	journaltitle = {Mathematics of Operations Research}
}
@article{karatzas1991equilibrium,
	title        = {Equilibrium Models with Singular Asset Prices},
	author       = {Karatzas, Ioannis and Lehoczky, John and Shreve, Steven},
	volume       = 1,
	number       = 3,
	pages        = {11--29},
	doi          = {10.1111/j.1467-9965.1991.tb00013.x},
	date         = 1991,
	journaltitle = {Mathematical Finance}
}
@book{karatzas2014brownian,
	title        = {Brownian Motion and Stochastic Calculus},
	author       = {Karatzas, Ioannis and Shreve, Steven},
	publisher    = {{Springer}},
	volume       = 113,
	doi          = {10.1007/978-1-4612-0949-2},
	isbn         = {978-1-4612-0949-2},
	date         = 2014
}
@misc{kashyap2022monetary,
	title        = {Monetary Policy When the Central Bank Shapes Financial-Market Sentiment},
	author       = {Kashyap, Anil and Stein, Jeremy},
	publisher    = {{National Bureau of Economic Research}},
	doi          = {https://dx.doi.org/10.2139/ssrn.4304219},
	url          = {https://ssrn.com/abstract=4304219},
	date         = 2022
}
@article{kiyotaki1997credit,
	title        = {Credit Cycles},
	author       = {Kiyotaki, Nobuhiro and Moore, John},
	volume       = 105,
	number       = 2,
	pages        = {211--248},
	doi          = {10.1086/262072},
	date         = 1997,
	journaltitle = {Journal of Political Economy}
}
@article{krishnamurthy2017credit,
	title        = {How Credit Cycles across a Financial Crisis},
	author       = {Krishnamurthy, Arvind and Muir, Tyler},
	publisher    = {{National Bureau of Economic Research}},
	doi          = {10.3386/w23850},
	date         = 2017
}
@article{lettau2001resurrecting,
	title        = {Resurrecting the ({{C}}) {{CAPM}}: {{A}} Cross-Sectional Test When Risk Premia Are Time-Varying},
	author       = {Lettau, Martin and Ludvigson, Sydney},
	volume       = 109,
	number       = 6,
	pages        = {1238--1287},
	doi          = {10.1086/323282},
	date         = 2001,
	journaltitle = {Journal of Political Economy}
}
@article{lopez2017credit,
	title        = {Credit-Market Sentiment and the Business Cycle},
	author       = {López-Salido, David and Stein, Jeremy and Zakrajšek, Egon},
	volume       = 132,
	number       = 3,
	pages        = {1373--1426},
	doi          = {10.1093/qje/qjx014},
	date         = 2017,
	journaltitle = {Quarterly Journal of Economics}
}
@article{lp_var_same,
	title        = {Local Projections and {{VARs}} Estimate the Same Impulse Responses},
	author       = {Plagborg-Møller, Mikkel and Wolf, Christian K.},
	volume       = 89,
	number       = 2,
	pages        = {955--980},
	doi          = {10.3982/ECTA17813},
	date         = 2021,
	journaltitle = {Econometrica : journal of the Econometric Society},
	shortjournal = {Econometrica},
	date-modified = {2023-01-29 21:57:02 -0500}
}
@article{lucas1978asset,
	title        = {Asset Prices in an Exchange Economy},
	author       = {Lucas Jr, Robert},
	pages        = {1429--1445},
	doi          = {10.2307/1913837},
	date         = 1978,
	journaltitle = {Econometrica: {{Journal}} of the Econometric Society},
	shortjournal = {Econometrica}
}
@article{Ludvigson2013,
	title        = {Advances in Consumption-Based Asset Pricing: {{Empirical}} Tests},
	author       = {Ludvigson, Sydney},
	volume       = 2,
	pages        = {799--906},
	doi          = {10.1016/B978-0-44-459406-8.00012-3},
	date         = 2013,
	journaltitle = {Handbook of the Economics of Finance}
}
@report{ludvigson2017shock,
	title        = {Shock Restricted Structural Vector-Autoregressions},
	author       = {Ludvigson, Sydney C and Ma, Sai and Ng, Serena},
	date         = 2017,
	institution  = {{National Bureau of Economic Research}}
}
@misc{Ludvigson2022a,
	title        = {Monetary-{{Based Asset Pricing}}: {{A Mixed-Frequency Structural Approach}}},
	shorttitle   = {Monetary-{{Based Asset Pricing}}},
	author       = {Bianchi, Francesco and Ludvigson, Sydney C. and Ma, Sai},
	publisher    = {{National Bureau of Economic Research}},
	series       = {Working {{Paper Series}}},
	number       = 30072,
	doi          = {10.3386/w30072},
	url          = {https://www.nber.org/papers/w30072},
	urldate      = {2023-01-31},
	type         = {Working Paper},
	date         = {2022-05}
}
@book{magill2008incomplete,
	title        = {Incomplete Markets},
	author       = {Magill, Michael and Quinzii, Martine},
	publisher    = {{Edward Elgar Publishing}},
	date         = 2008
}
@article{MalloyMoskowitzVissingJorgensen2009,
	title        = {Long-Run Stockholder Consumption Risk and Asset Returns},
	author       = {Malloy, Christopher and Moskowitz, Tobias and Vissing-Jørgensen, Annette},
	volume       = 64,
	number       = 6,
	pages        = {2427--2479},
	doi          = {10.1111/j.1540-6261.2009.01507.x},
	date         = 2009,
	journaltitle = {Journal of Finance}
}
@article{MankiwShapiro1986,
	title        = {Risk and Return: {{Consumption}} Beta versus Market Beta},
	author       = {Mankiw, Gregory and Shapiro, Matthew},
	volume       = 68,
	number       = 3,
	pages        = {452--459},
	doi          = {10.2307/1926022},
	date         = 1986,
	journaltitle = {Review of Economics and Statistics}
}
@article{matoussi2018convex,
	title        = {Convex Duality for {{Epstein}}–{{Zin}} Stochastic Differential Utility},
	author       = {Matoussi, Anis and Xing, Hao},
	publisher    = {{Wiley Online Library}},
	volume       = 28,
	number       = 4,
	pages        = {991--1019},
	doi          = {10.1111/mafi.12168},
	date         = 2018,
	journaltitle = {Mathematical Finance}
}
@article{mehra1985equity,
	title        = {The Equity Premium: {{A}} Puzzle},
	author       = {Mehra, Rajnish and Prescott, Edward},
	volume       = 15,
	number       = 2,
	pages        = {145--161},
	doi          = {10.1016/0304-3932(85)90061-3},
	date         = 1985,
	journaltitle = {Journal of Monetary Economics}
}
@article{Mehra2012,
	title        = {Consumption-Based Asset Pricing Models},
	author       = {Mehra, Rajnish},
	volume       = 4,
	number       = 1,
	pages        = {385--409},
	doi          = {10.1146/annurev-financial-102710-144825},
	date         = 2012,
	journaltitle = {Annual Review of Financial Economics}
}
@article{mian2017household,
	title        = {Household Debt and Business Cycles Worldwide},
	author       = {Mian, Atif and Sufi, Amir and Verner, Emil},
	volume       = 132,
	number       = 4,
	pages        = {1755--1817},
	doi          = {10.1093/qje/qjx017},
	date         = 2017,
	journaltitle = {Quarterly Journal of Economics}
}
@article{Monoyios2022,
	title        = {Duality for Optimal Consumption under No Unbounded Profit with Bounded Risk},
	author       = {Monoyios, Michael},
	publisher    = {{Institute of Mathematical Statistics}},
	volume       = 32,
	number       = 5,
	pages        = {3572--3613},
	doi          = {10.1214/21-AAP1767},
	url          = {https://doi.org/10.1214/21-AAP1767},
	date         = 2022,
	journaltitle = {The Annals of Applied Probability}
}
@article{NietoRubio2011,
	title        = {The Volatility of Consumption-Based Stochastic Discount Factors and Economic Cycles},
	author       = {Nieto, Belén and Rubio, Gonzalo},
	volume       = 35,
	number       = 9,
	pages        = {2197--2216},
	doi          = {10.1016/j.jbankfin.2011.01.021},
	issn         = {0378-4266},
	url          = {https://www.sciencedirect.com/science/article/pii/S0378426611000422},
	date         = 2011,
	journaltitle = {Journal of Banking \& Finance},
	bdsk-url-2   = {https://doi.org/10.1016/j.jbankfin.2011.01.021}
}
@article{ns_shock,
	title        = {High-Frequency Identification of Monetary Non-Neutrality: {{The}} Information Effect},
	author       = {Nakamura, Emi and Steinsson, Jon},
	volume       = 133,
	number       = 3,
	pages        = {1283--1330},
	doi          = {10.1093/qje/qjy004},
	date         = {2018-01},
	journaltitle = {Quarterly Journal of Economics},
	date-modified = {2023-01-29 21:56:50 -0500}
}
@article{parker2005consumption,
	title        = {Consumption Risk and the Cross Section of Expected Returns},
	author       = {Parker, Jonathan and Julliard, Christian},
	volume       = 113,
	number       = 1,
	pages        = {185--222},
	doi          = {10.1086/426042},
	date         = 2005,
	journaltitle = {Journal of Political Economy}
}
@incollection{ramey_identification,
	title        = {Chapter 2 - Macroeconomic Shocks and Their Propagation},
	author       = {Ramey, Valery},
	booktitle    = {Handbook of Macroeconomics},
	volume       = 2,
	pages        = {71--162},
	editor       = {Taylor, John and Uhlig, Harald},
	date         = 2016
}
@article{rietz1988equity,
	title        = {The Equity Risk Premium a Solution},
	author       = {Rietz, Thomas},
	volume       = 22,
	number       = 1,
	pages        = {117--131},
	doi          = {10.1016/0304-3932(88)90172-9},
	date         = 1988,
	journaltitle = {Journal of Monetary Economics}
}
@article{RosenbergEngle2002,
	title        = {Empirical Pricing Kernels},
	author       = {Rosenberg, Joshua and Engle, Robert},
	volume       = 64,
	number       = 3,
	pages        = {341--372},
	doi          = {10.1016/S0304-405X(02)00128-9},
	date         = 2002,
	journaltitle = {Journal of Financial Economics}
}
@article{rr_shock,
	title        = {A New Measure of Monetary Shocks: {{Derivation}} and Implications},
	author       = {Romer, Christina and Romer, David},
	volume       = 94,
	number       = 4,
	pages        = {1055--1084},
	doi          = {10.1257/0002828042002651},
	date         = {2004-09},
	journaltitle = {American Economic Review},
	date-modified = {2023-01-29 22:00:06 -0500}
}
@article{rubinstein1976valuation,
	title        = {The Valuation of Uncertain Income Streams and the Pricing of Options},
	author       = {Rubinstein, Mark},
	pages        = {407--425},
	doi          = {10.2307/3003264},
	date         = 1976,
	journaltitle = {Bell Journal of Economics}
}
@article{schroder2003optimal,
	title        = {Optimal Lifetime Consumption-Portfolio Strategies under Trading Constraints and Generalized Recursive Preferences},
	author       = {Schroder, Mark and Skiadas, Costis},
	publisher    = {{Elsevier}},
	volume       = 108,
	number       = 2,
	pages        = {155--202},
	doi          = {10.1016/j.spa.2003.09.001},
	date         = 2003,
	journaltitle = {Stochastic processes and their applications}
}
@article{schularick2012credit,
	title        = {Credit Booms Gone Bust: {{Monetary}} Policy, Leverage Cycles, and Financial Crises, 1870-2008},
	author       = {Schularick, Moritz and Taylor, Alan},
	volume       = 102,
	number       = 2,
	pages        = {1029--61},
	doi          = {10.1257/aer.102.2.1029},
	date         = 2012,
	journaltitle = {American Economic Review}
}
@incollection{Shiller2000,
	title        = {Irrational Exuberance},
	author       = {Shiller, Robert},
	booktitle    = {Irrational Exuberance},
	publisher    = {{Princeton University Press}},
	date         = 2000
}
@book{skiadas2009asset,
	title        = {Asset Pricing Theory},
	author       = {Skiadas, Costis},
	publisher    = {{Princeton University Press}},
	date         = 2009
}
@article{stock2012disentangling,
	title        = {Disentangling the {{Channels}} of the 2007–09 {{Recession}}},
	author       = {Stock, James H. and Watson, Mark W.},
	publisher    = {{Johns Hopkins University Press}},
	volume       = 2012,
	number       = 1,
	pages        = {81--135},
	doi          = {10.1353/eca.2012.0005},
	issn         = {1533-4465},
	url          = {https://muse.jhu.edu/pub/11/article/486370},
	urldate      = {2023-01-31},
	date         = 2012,
	journaltitle = {Brookings Papers on Economic Activity}
}
@article{Sundaresan2000,
	title        = {Continuous-Time Methods in Finance: {{A}} Review and an Assessment},
	author       = {Sundaresan, Suresh},
	volume       = 55,
	number       = 4,
	pages        = {1569--1622},
	doi          = {10.1111/0022-1082.00261},
	date         = 2000,
	journaltitle = {Journal of Finance}
}
@article{sw_lpiv_svariv,
	title        = {Identification and Estimation of Dynamic Causal Effects in Macroeconomics Using External Instruments},
	author       = {Stock, James and Watson, Mark},
	volume       = 128,
	number       = 610,
	pages        = {917--948},
	doi          = {10.1111/ecoj.12593},
	date         = {2018-05},
	journaltitle = {Economic Journal},
	date-modified = {2023-01-29 21:56:22 -0500}
}
@article{sw_svariv,
	title        = {Inference in Structural Vector Autoregressions Identified with an External Instrument},
	author       = {Montiel Olea, José and Stock, James and Watson, Mark},
	volume       = 225,
	number       = 1,
	pages        = {74--87},
	doi          = {10.1016/j.jeconom.2020.05.014},
	date         = 2021,
	journaltitle = {Journal of Econometrics},
	date-modified = {2023-01-29 21:56:15 -0500}
}
@article{uhlig_sr,
	title        = {What Are the Effects of Monetary Policy on Output?: {{Results}} from an Agnostic Identification Procedure},
	author       = {Uhlig, Harald},
	volume       = 52,
	pages        = {381--419},
	doi          = {10.1016/j.jmoneco.2004.05.007},
	date         = 2005,
	journaltitle = {Journal of Monetary Economics},
	date-modified = {2023-01-29 21:56:08 -0500}
}
@misc{vulnerability2018,
	title        = {Financial {{Vulnerability}} and {{Monetary Policy}}},
	author       = {Adrian, Tobias and Duarte, Fernando},
	url          = {https://ssrn.com/abstract=2891253},
	date         = {2020-01-11}
}
